@article{Manna2021,
  author  = {Manna, R. and Nath, R.},
  title   = {Kantian Moral Agency and the Ethics of Artificial Intelligence},
  journal = {Problemos},
  volume  = {100},
  pages   = {139--151},
  year    = {2021},
}

@article{Nath2021,
  author  = {Nath, R. and Sahu, V.},
  title   = {The problem of machine ethics in artificial intelligence},
  journal = {AI \& Society},
  volume  = {35},
  pages   = {103--111},
  year    = {2021},
}

@article{Tonkens2009,
  author  = {Tonkens, R.},
  title   = {A Challenge for Machine Ethics},
  journal = {Minds \& Machines},
  volume  = {19},
  pages   = {421--438},
  year    = {2009},
}

@misc{Singh2022,
  author  = {Singh, L.},
  title   = {Automated Kantian Ethics: A Faithful Implementation},
  year    = {2022},
  note    = {Online at \url{https://github.com/lsingh123/automatedkantianethics}},
}

@techreport{EC_HLEG_AI,
  author       = {European Commissionâ€™s High-Level Expert Group on Artificial Intelligence},
  title        = {Ethics Guidelines for Trustworthy Artificial Intelligence},
  institution  = {European Commission},
  number       = {6},
  year         = {2019},
  note         = {p. 17},
}

@article{Fjeld2020,
  author       = {Fjeld, J. and Achten, N. and Hilligoss, H. and Nagy, A. C. and Srikumar, M.},
  title        = {Principled Artificial Intelligence: Mapping Consensus in Ethical and Rights-Based Approaches to Principles for AI},
  journal      = {arXiv preprint arXiv:2009.06350},
  year         = {2020},
}

@misc{BentzenLindner2018,
  author       = {Bentzen, M. M. and Lindner, F.},
  title        = {A Formalization of Kant's Second Formulation of the Categorical Imperative},
  year         = {2018},
  eprint       = {1801.03160},
  archivePrefix= {arXiv},
  url          = {http://arxiv.org/abs/1801.03160},
  note         = {CoRR abs/1801.03160}
}

@book{searle1996,
  author    = {Searle, John R.},
  title     = {Minds, Brains, and Science},
  year      = {1996},
  publisher = {Harvard University Press},
  address   = {Cambridge},
  note      = {See p. 41}
}

@article{Powers2006,
  author    = {Powers, Tom M.},
  title     = {Prospects for a {K}antian Machine},
  journal   = {{IEEE} Intelligent Systems},
  year      = {2006},
  volume    = {21},
  number    = {4},
  pages     = {46--51},
}

@book{Kant1785p49,
  author       = {Kant, Immanuel},
  title        = {Fundamental Principles of the Metaphysic of Morals},
  translator   = {Abbott, Thomas Kingsmill},
  year         = {1785/1988},
  publisher    = {Prometheus Books},
  address      = {New York},
  pages        = {49}
}

@book{Kant1785p58,
  author       = {Kant, Immanuel},
  title        = {Fundamental Principles of the Metaphysic of Morals},
  translator   = {Abbott, Thomas Kingsmill},
  year         = {1785/1988},
  publisher    = {Prometheus Books},
  address      = {New York},
  pages        = {58}
}

@inbook{Bennett2015-ch4to6,
  author    = {Christopher Bennett},
  title     = {What Is This Thing Called Ethics?},
  chapter   = {4--6},
  publisher = {Routledge},
  address   = {London},
  year      = {2015},
  isbn      = {9780415832335},
  note      = {Chapters on Utilitarianism, Kantian Ethics, and Aristotelian Virtue Ethics}
}

