@inproceedings{Shneiderman2020,
  title={Human-Centered Artificial Intelligence: Three Fresh Ideas},
  author={Shneiderman, B.},
  booktitle={AIS Transactions on Human-Computer Interaction},
  volume={12},
  number={3},
  pages={109--124},
  year={2020}
}

@article{Friedman1996,
  title={Value-sensitive design},
  author={Friedman, B.},
  journal={interactions},
  volume={3},
  number={6},
  pages={16--23},
  year={1996}
}

@article{gabriel2021challenge,
  title={The Challenge of Value Alignment: From Fairer Algorithms to AI Safety},
  author={Gabriel, Iason and Ghazavi, Vafa},
  journal={Minds and Machines},
  volume={31},
  number={4},
  pages={629--653},
  year={2021},
  publisher={Springer},
  doi={10.1007/s11023-021-09563-0}
}

@article{munn2023uselessness,
  title={The Uselessness of AI Ethics},
  author={Munn, Luke},
  journal={AI and Society},
  year={2023},
  publisher={Springer},
  doi={10.1007/s00146-023-01673-z}
}

@article{Baeza2018,
  title={Bias on the web},
  author={Baeza-Yates, R.},
  journal={Communications of the ACM},
  volume={61},
  number={6},
  pages={54--61},
  year={2018}
}

@misc{associationforcomputingmachinery_2018_acm,
  author = {Association for Computing Machinery},
  month = {06},
  title = {ACM Code of Ethics and professional conduct},
  url = {https://www.acm.org/code-of-ethics},
  urldate = {2025-03-30},
  year = {2018},
  organization = {Association for Computing Machinery}
}

@article{malizia2023xai,
  title={Why Is the Current XAI Not Meeting the Expectations?},
  author={Malizia, Alessio and Paternò, Fabio},
  journal={Communications of the ACM},
  volume={66},
  number={12},
  pages={20--22},
  year={2023},
  publisher={ACM},
  doi={10.1145/3588313}
}

@article{bietti2020ethics,
  author  = {Elettra Bietti},
  title   = {From Ethics Washing to Ethics Bashing: A View on Tech Ethics from Within Moral Philosophy},
  journal = {Philosophy \& Technology},
  volume  = {33},
  number  = {4},
  pages   = {541--559},
  year    = {2020},
  doi     = {10.1007/s13347-020-00405-1},
  url     = {https://doi.org/10.1007/s13347-020-00405-1}
}


@article{taddeo2022moral,
  title={Accepting Moral Responsibility for the Actions of Autonomous Weapons Systems—a Moral Gambit},
  author={Taddeo, Mariarosaria and Blanchard, Alexander},
  journal={Philosophy \& Technology},
  volume={35},
  number={3},
  pages={1--24},
  year={2022},
  publisher={Springer},
  doi={10.1007/s13347-022-00571-x}
}

@misc{daniels2020reflective,
  author = {Daniels, Norman},
  title = {Reflective Equilibrium},
  year = {2020},
  howpublished = {\url{https://plato.stanford.edu/archives/sum2020/entries/reflective-equilibrium/}},
  note = {Stanford Encyclopedia of Philosophy, Summer 2020 Edition, edited by Edward N. Zalta}
}

@incollection{beauchamp2004principles,
  title={Principles and Principlism},
  author={Beauchamp, Tom L. and DeGrazia, David},
  booktitle={Principles of Health Care Ethics},
  editor={Gillon, Raanan},
  pages={55--66},
  publisher={John Wiley \& Sons},
  year={2004}
}


@misc{iep_metaethics,
  author = {Sayre-McCord, Geoffrey},
  title = {Metaethics},
  howpublished = {\url{https://iep.utm.edu/metaethi/}},
  note = {Internet Encyclopedia of Philosophy}
}

@article{ashford2012developing,
  title={Developing as a Leader: The Power of Mindful Engagement},
  author={Ashford, Susan J.},
  journal={Organizational Dynamics},
  volume={41},
  number={2},
  pages={146--154},
  year={2012},
  publisher={Elsevier}
}


@article{formosa2021principlist,
  title={A Principlist Framework for Cybersecurity Ethics},
  author={Formosa, Paul and Wilson, Michael and Richards, Deborah},
  journal={Computers \& Security},
  volume={105},
  pages={102226},
  year={2021},
  publisher={Elsevier},
  doi={10.1016/j.cose.2021.102226}
}

@article{macnish2020ethics,
  title={Ethics in Cybersecurity Research and Practice},
  author={Macnish, Kevin and van der Ham, Jeroen},
  journal={Technology in Society},
  volume={63},
  pages={101382},
  year={2020},
  publisher={Elsevier},
  doi={10.1016/j.techsoc.2020.101382}
}


@unpublished{sequoiahgrayson_unsatisfiable_triade,
  author       = {Sebastian Sequoiah-Grayson},
  title        = {The Unsatisfiable Triad: A Problem for Automated Decision Making},
  note         = {Unpublished manuscript},
  year         = {2025},
  howpublished = {Manuscript in preparation},
  url          = {https://logicalrockpools.com/}
}

@article{doshi2017towards,
  title={Towards a rigorous science of interpretable machine learning},
  author={Doshi-Velez, Finale and Kim, Been},
  journal={arXiv preprint arXiv:1702.08608},
  year={2017},
  url={https://arxiv.org/abs/1702.08608}
}

@misc{cornacchia2023counterfactualreasoningbiasevaluation,
      title={Counterfactual Reasoning for Bias Evaluation and Detection in a Fairness under Unawareness setting}, 
      author={Giandomenico Cornacchia and Vito Walter Anelli and Fedelucio Narducci and Azzurra Ragone and Eugenio Di Sciascio},
      year={2023},
      eprint={2302.08204},
      archivePrefix={arXiv},
      primaryClass={cs.LG},
      url={https://arxiv.org/abs/2302.08204}, 
}

@article{10.1145/3433949,
    author = {Friedler, Sorelle A. and Scheidegger, Carlos and Venkatasubramanian, Suresh},
    title = {The (Im)possibility of fairness: different value systems require different mechanisms for fair decision making},
    year = {2021},
    issue_date = {April 2021},
    publisher = {Association for Computing Machinery},
    address = {New York, NY, USA},
    volume = {64},
    number = {4},
    issn = {0001-0782},
    url = {https://doi.org/10.1145/3433949},
    doi = {10.1145/3433949},
    abstract = {What does it mean to be fair?},
    journal = {Commun. ACM},
    month = mar,
    pages = {136–143},
    numpages = {8}
}
